 Machine Learning - Main Conferences / Journals
@string{uaii="Uncertainty in Artificial Intelligence (UAI)"}
@string{icml="International Conference on Machine Learning (ICML)"}
@string{nips="Advances in Neural Information Processing Systems (NeurIPS)"}
@string{jmlr="Journal of Machine Learning Research"}
@string{iclr="International Conference on Learning Representations (ICLR)"}
@string{iclrws="International Conference on Learning Representations (ICLR), Workshop Track"}
@string{mlsp="IEEE International Workshop for Machine Learning in Signal Processing"}

 NLP
@string{acl="Proceedings of the Annual Meeting of the Association for Computational Linguistics (ACL)"}
@string{conll="SIGNLL Conference on Computational Natural Language Learning (CoNLL)"}
@string{emnlp="Conference on Empirical Methods in Natural Language Processing (EMNLP)"}
@string{tacl="Transactions of the Association for Computational Linguistics (TACL)"}

 Vision
@string{cvpr="IEEE Conference on Computer Vision and Pattern Recognition (CVPR)"}
@string{ijcv="International Journal of Computer Vision"}
@string{iccv="International Conference on Computer Vision (ICCV)"}
@string{eccv="European Conference on Computer Vision (ECCV)"}
@string{siggraph="Proceedings of SIGGRAPH"}

 Theory
@string{tcs="Theoretical Computer Science"}
@string{soda="SIAM-ACM Symposium on Discrete Algorithms (SODA)"}
@string{focs="IEEE Symposium on Foundations of Computer Science (FOCS)"}
@string{colt="Conference on Learning Theory (COLT)"}
@string{stoc="Symposium on Theory of Computing (STOC)"}
@string{icalp="International Colloquium on Automata, Languages and Programming (ICALP)"}

 Robotics
@string{icra="IEEE International Conference on Robotics and Automation (ICRA)"}

 Statistics
@string{uai="Conference on Uncertainty in Artificial Intelligence (UAI)"}

 Misc AI
@string{jair="Journal or Artificial Intelligence Research"}
@string{aaai="AAAI Conference on Artificial Intelligence"}
@string{aistats="International Conference on Artificial Intelligence and Statistics (AISTATS)"}
@string{kdd="ACM SIGKDD Conference on Knowledge Discovery and Data Mining (KDD)"}
@string{tpami="IEEE Transactions on Pattern Analysis and Machine Intelligence"}
@string{tog="ACM Transactions on Graphics (TOG)"}
@string{mathprog="Mathematical Programming"}
@string{infpl="Information Processing Letters"}
@string{jacm="Journal of the ACM"}
@string{tkdd="ACM Trassactions on Knowledge Discovery from Data (TKDD)"}
@string{icalp="International Colloquium on Automata, Languages, and Programming (ICALP)"}
@string{wads="Workshop on Algorithms and Data Structures (WADS)"}
@string{wadsnew="International Symposium on Algorithms and Data Structures (WADS)"}
@string{vldb="International Conference on Very Large Data Bases (VLDB)"}
@string{wsdm="ACM International Conference on Web Search and Data Mining (WSDM)"}
@string{acc="Annual Allerton Conference on Circuit and System Theory"}
@string{www="Proceedings of the International World Wide Web Conference (WWW)"}
@string{icwsm="International AAAI Conference on Web and Social Media (ICWSM)"}

# More general
@string{arxiv="arXiv Preprint"}
@string{rsc="Royal Society of Chemistry"}
@string{acspub="ACS Publications"}
@string{wol="Wiley Online Library"}
@string{spr="Springer"}
@string{npg="Nature Publishing Group"}
@string{ang="Angew. Chem., Int. Ed."}


@inproceedings{bunne2022supervised,
  title={{Supervised Training of Conditional Monge Maps}},
  author={Bunne, Charlotte and Krause, Andreas and Cuturi, Marco},
  booktitle=nips,
  year={2022}
}