@STRING{aaai="AAAI Conference on Artificial Intelligence" }
@STRING{aaai="AAAI Conference on Artificial Intelligence" }
@STRING{acc="Annual Allerton Conference on Circuit and System Theory" }
@STRING{acc="Annual Allerton Conference on Circuit and System Theory" }
@STRING{acl="Proceedings of the Annual Meeting of the Association for
	Computational Linguistics (ACL)" }
@STRING{acl="Proceedings of the Annual Meeting of the Association for
	Computational Linguistics (ACL)" }
@STRING{acspub="ACS Publications" }
@STRING{acspub="ACS Publications" }
@STRING{aistats="International Conference on Artificial Intelligence and
	Statistics (AISTATS)" }
@STRING{aistats="International Conference on Artificial Intelligence and
	Statistics (AISTATS)" }
@STRING{ang="Angew. Chem., Int. Ed." }
@STRING{ang="Angew. Chem., Int. Ed." }
@STRING{arxiv="arXiv Preprint" }
@STRING{arxiv="arXiv Preprint" }
@STRING{colt="Conference on Learning Theory (COLT)" }
@STRING{colt="Conference on Learning Theory (COLT)" }
@STRING{conll="SIGNLL Conference on Computational Natural Language
	Learning (CoNLL)" }
@STRING{conll="SIGNLL Conference on Computational Natural Language
	Learning (CoNLL)" }
@STRING{cvpr="IEEE Conference on Computer Vision and Pattern Recognition
	(CVPR)" }
@STRING{cvpr="IEEE Conference on Computer Vision and Pattern Recognition
	(CVPR)" }
@STRING{eccv="European Conference on Computer Vision (ECCV)" }
@STRING{eccv="European Conference on Computer Vision (ECCV)" }
@STRING{emnlp="Conference on Empirical Methods in Natural Language
	Processing (EMNLP)" }
@STRING{emnlp="Conference on Empirical Methods in Natural Language
	Processing (EMNLP)" }
@STRING{focs="IEEE Symposium on Foundations of Computer Science (FOCS)" }
@STRING{focs="IEEE Symposium on Foundations of Computer Science (FOCS)" }
@STRING{icalp="International Colloquium on Automata, Languages and
	Programming (ICALP)" }
@STRING{icalp="International Colloquium on Automata, Languages, and
	Programming (ICALP)" }
@STRING{icalp="International Colloquium on Automata, Languages and
	Programming (ICALP)" }
@STRING{icalp="International Colloquium on Automata, Languages, and
	Programming (ICALP)" }
@STRING{iccv="International Conference on Computer Vision (ICCV)" }
@STRING{iccv="International Conference on Computer Vision (ICCV)" }
@STRING{iclr="International Conference on Learning Representations
	(ICLR)" }
@STRING{iclr="International Conference on Learning Representations
	(ICLR)" }
@STRING{iclrws="International Conference on Learning Representations
	(ICLR), Workshop Track" }
@STRING{iclrws="International Conference on Learning Representations
	(ICLR), Workshop Track" }
@STRING{icml="International Conference on Machine Learning (ICML)" }
@STRING{icml="International Conference on Machine Learning (ICML)" }
@STRING{icra="IEEE International Conference on Robotics and Automation
	(ICRA)" }
@STRING{icra="IEEE International Conference on Robotics and Automation
	(ICRA)" }
@STRING{icwsm="International AAAI Conference on Web and Social Media
	(ICWSM)" }
@STRING{icwsm="International AAAI Conference on Web and Social Media
	(ICWSM)" }
@STRING{ijcv="International Journal of Computer Vision" }
@STRING{ijcv="International Journal of Computer Vision" }
@STRING{infpl="Information Processing Letters" }
@STRING{infpl="Information Processing Letters" }
@STRING{jacm="Journal of the ACM" }
@STRING{jacm="Journal of the ACM" }
@STRING{jair="Journal or Artificial Intelligence Research" }
@STRING{jair="Journal or Artificial Intelligence Research" }
@STRING{jmlr="Journal of Machine Learning Research" }
@STRING{jmlr="Journal of Machine Learning Research" }
@STRING{kdd="ACM SIGKDD Conference on Knowledge Discovery and Data
	Mining (KDD)" }
@STRING{kdd="ACM SIGKDD Conference on Knowledge Discovery and Data
	Mining (KDD)" }
@STRING{mathprog= "Mathematical Programming" }
@STRING{mathprog= "Mathematical Programming" }
@STRING{mlsp="IEEE International Workshop for Machine Learning in Signal
	Processing" }
@STRING{mlsp="IEEE International Workshop for Machine Learning in Signal
	Processing" }
@STRING{nips="Advances in Neural Information Processing Systems
	(NeurIPS)" }
@STRING{nips="Advances in Neural Information Processing Systems
	(NeurIPS)" }
@STRING{npg="Nature Publishing Group" }
@STRING{npg="Nature Publishing Group" }
@STRING{rsc="Royal Society of Chemistry" }
@STRING{rsc="Royal Society of Chemistry" }
@STRING{siggraph= "Proceedings of SIGGRAPH" }
@STRING{siggraph= "Proceedings of SIGGRAPH" }
@STRING{soda="SIAM-ACM Symposium on Discrete Algorithms (SODA)" }
@STRING{soda="SIAM-ACM Symposium on Discrete Algorithms (SODA)" }
@STRING{spr="Springer" }
@STRING{spr="Springer" }
@STRING{stoc="Symposium on Theory of Computing (STOC)" }
@STRING{stoc="Symposium on Theory of Computing (STOC)" }
@STRING{tacl="Transactions of the Association for Computational
	Linguistics (TACL)" }
@STRING{tacl="Transactions of the Association for Computational
	Linguistics (TACL)" }
@STRING{tcs="Theoretical Computer Science" }
@STRING{tcs="Theoretical Computer Science" }
@STRING{tkdd="ACM Trassactions on Knowledge Discovery from Data (TKDD)" }
@STRING{tkdd="ACM Trassactions on Knowledge Discovery from Data (TKDD)" }
@STRING{tmlr="Transactions on Machine Learning Research (TMLR)" }
@STRING{tog="ACM Transactions on Graphics (TOG)" }
@STRING{tog="ACM Transactions on Graphics (TOG)" }
@STRING{tpami="IEEE Transactions on Pattern Analysis and Machine
	Intelligence" }
@STRING{tpami="IEEE Transactions on Pattern Analysis and Machine
	Intelligence" }
@STRING{uai="Conference on Uncertainty in Artificial Intelligence
	(UAI)" }
@STRING{uai="Conference on Uncertainty in Artificial Intelligence
	(UAI)" }
@STRING{uaii="Uncertainty in Artificial Intelligence (UAI)" }
@STRING{uaii="Uncertainty in Artificial Intelligence (UAI)" }
@STRING{vldb="International Conference on Very Large Data Bases (VLDB)" }
@STRING{vldb="International Conference on Very Large Data Bases (VLDB)" }
@STRING{wads="Workshop on Algorithms and Data Structures (WADS)" }
@STRING{wads="Workshop on Algorithms and Data Structures (WADS)" }
@STRING{wadsnew="International Symposium on Algorithms and Data Structures
	(WADS)" }
@STRING{wadsnew="International Symposium on Algorithms and Data Structures
	(WADS)" }
@STRING{wol="Wiley Online Library" }
@STRING{wol="Wiley Online Library" }
@STRING{wsdm="ACM International Conference on Web Search and Data Mining
	(WSDM)" }
@STRING{wsdm="ACM International Conference on Web Search and Data Mining
	(WSDM)" }
@STRING{www="Proceedings of the International World Wide Web Conference
	(WWW)" }
@STRING{www="Proceedings of the International World Wide Web Conference
	(WWW)" }

@Article{2015-Peyre-siims,
  author={Gabriel Peyr{\'e}},
  title={{Entropic Approximation of Wasserstein Gradient Flows}},
  year={2015},
  journal={SIAM Journal on Imaging Sciences},
  volume={8},
  number={4}
}

@InProceedings{altschuler2019massively,
  title={{Massively scalable Sinkhorn distances via the Nystr{\"o}m
	method}},
  author={Altschuler, Jason and Bach, Francis and Rudi, Alessandro
	and Niles-Weed, Jonathan},
  booktitle=nips,
  volume={32},
  year={2019}
}

@Article{altschuler2022asymptotics,
  title={Asymptotics for semidiscrete entropic optimal transport},
  author={Altschuler, Jason M and Niles-Weed, Jonathan and Stromme,
	Austin J},
  journal={SIAM Journal on Mathematical Analysis},
  volume={54},
  number={2},
  pages={1718--1741},
  year={2022},
  publisher={SIAM}
}

@Article{alvarez2021optimizing,
  title={{Optimizing Functionals on the Space of Probabilities with
	Input Convex Neural Networks}},
  author={Alvarez-Melis, David and Schiff, Yair and Mroueh,
	Youssef},
  journal={arXiv Preprint arXiv:2106.00774},
  year={2021}
}

@Book{	ambrosio2006gradient,
  title={{Gradient Flows in Metric Spaces and in the Space of
	Probability Measures}},
  author={Ambrosio, L. and Gigli, N. and Savar{\'e}, G.},
  year={2006},
  publisher={Springer}
}

@InProceedings{amos2017input,
  title={{Input Convex Neural Networks}},
  author={Amos, Brandon and Xu, Lei and Kolter, J Zico},
  booktitle=icml,
  year={2017},
  volume={34}
}

@InProceedings{amos2022amortizing,
  title={On amortizing convex conjugates for optimal transport},
  author={Amos, Brandon},
  booktitle=iclr,
  year={2023}
}

@Article{amos2022meta,
  title={{Meta Optimal Transport}},
  author={Amos, Brandon and Cohen, Samuel and Luise, Giulia and
	Redko, Ievgen},
  journal={arXiv preprint arXiv:2206.05262},
  year={2022}
}

@InProceedings{arjovsky2017wasserstein,
  title={{Wasserstein Generative Adversarial Networks}},
  author={Arjovsky, Martin and Chintala, Soumith and Bottou,
	L{\'e}on},
  booktitle=icml,
  year={2017},
  organization={PMLR}
}

@InProceedings{asteris2015orthogonal,
  title={{Orthogonal NMF through Subspace Exploration}},
  author={Asteris, Megasthenis and Papailiopoulos, Dimitris and
	Dimakis, Alexandros G},
  booktitle=nips,
  volume={28},
  year={2015}
}

@InProceedings{aude2016stochastic,
  title={{Stochastic Optimization for Large-Scale Optimal
	Transport}},
  author={Aude, Genevay and Cuturi, Marco and Peyr{\'e}, Gabriel and
	Bach, Francis},
  booktitle=nips,
  year={2016}
}

@Article{battich2013image,
  title={Image-based transcriptomics in thousands of single human
	cells at single-molecule resolution},
  author={Battich, Nico and Stoeger, Thomas and Pelkmans, Lucas},
  journal={Nature Methods},
  volume={10},
  number={11},
  year={2013},
  publisher={Nature Publishing Group}
}

@Article{battich2015control,
  title={Control of transcript variability in single mammalian
	cells},
  author={Battich, Nico and Stoeger, Thomas and Pelkmans, Lucas},
  journal={Cell},
  volume={163},
  number={7},
  pages={1596--1610},
  year={2015},
  publisher={Elsevier}
}

@InCollection{bekiaris2010localization,
  title={The localization and migration of natural killer cells in
	health and disease},
  author={Bekiaris, Vasileios and Lane, Peter JL},
  booktitle={Natural Killer Cells},
  year={2010},
  publisher={Elsevier}
}

@Article{benamou2000computational,
  title={{A computational fluid mechanics solution to the
	Monge-Kantorovich mass transfer problem}},
  author={Benamou, Jean-David and Brenier, Yann},
  journal={Numerische Mathematik},
  volume={84},
  number={3},
  year={2000},
  publisher={Springer-Verlag Berlin/Heidelberg}
}

@Article{benamou2016,
  title={Discretization of functionals involving the
	{Monge--Amp{\'e}re} operator},
  author={Benamou, Jean-David and Carlier, Guillaume and
	M{\'e}rigot, Quentin and Oudet, Edouard},
  journal={Numerische Mathematik},
  volume={134},
  number={3},
  year={2016},
  publisher={Springer}
}

@Article{benamou2016augmented,
  title={An augmented Lagrangian approach to Wasserstein gradient
	flows and applications},
  author={Benamou, Jean-David and Carlier, Guillaume and Laborde,
	Maxime},
  journal={ESAIM: Proceedings and surveys},
  volume={54},
  pages={1--17},
  year={2016},
  publisher={EDP Sciences}
}

@Article{berchtold2018systems,
  title={A systems-level study reveals regulators of membrane-less
	organelles in human cells},
  author={Berchtold, Doris and Battich, Nico and Pelkmans, Lucas},
  journal={Molecular Cell},
  volume={72},
  number={6},
  year={2018},
  publisher={Elsevier}
}

@Article{bergen2020generalizing,
  title={{Generalizing RNA velocity to transient cell states
	through dynamical modeling}},
  author={Bergen, Volker and Lange, Marius and Peidli, Stefan and
	Wolf, F Alexander and Theis, Fabian J},
  journal={Nature Biotechnology},
  volume={38},
  number={12},
  year={2020},
  publisher={Nature Publishing Group}
}

@Article{berry2021nuclear,
  title={{Nuclear RNA concentration coordinates RNA production with
	cell size in human cells}},
  author={Berry, Scott and M{\"u}ller, Micha and Pelkmans, Lucas},
  journal={bioRxiv},
  year={2021},
  publisher={Cold Spring Harbor Laboratory}
}

@Article{bhalla2021patient,
  title={Patient similarity network of newly diagnosed multiple
	myeloma identifies patient subgroups with distinct genetic
	features and clinical implications},
  author={Bhalla, Sherry and Melnekoff, David T and Aleman, Adolfo
	and Leshchenko, Violetta and Restrepo, Paula and Keats,
	Jonathan and Onel, Kenan and Sawyer, Jeffrey R and Madduri,
	Deepu and Richter, Joshua and others},
  journal={Science Advances},
  volume={7},
  number={47},
  year={2021},
  publisher={American Association for the Advancement of Science}
}

@Article{breiman2001random,
  title={{Random Forests}},
  author={Breiman, Leo},
  journal={Machine Learning},
  volume={45},
  number={1},
  year={2001},
  publisher={Springer}
}

@Article{Brenier1987,
  title={D{\'e}composition polaire et r{\'e}arrangement monotone
	des champs de vecteurs},
  author={Brenier, Yann},
  journal={CR Acad. Sci. Paris S{\'e}r. I Math.},
  volume={305},
  year={1987}
}

@Article{brenier1991polar,
  title={{Polar Factorization and Monotone Rearrangement of
	Vector-Valued Functions}},
  author={Brenier, Yann},
  journal={Communications on Pure and Applied Mathematics},
  volume={44},
  number={4},
  year={1991},
  publisher={Wiley Online Library}
}

@Article{bunne2021learning,
  title={{Learning Single-Cell Perturbation Responses using Neural
	Optimal Transport}},
  author={Bunne, Charlotte and Stark, Stefan G and Gut, Gabriele and
	del Castillo, Jacobo Sarabia and Lehmann, Kjong-Van and
	Pelkmans, Lucas and Krause, Andreas and Ratsch, Gunnar},
  journal={bioRxiv},
  year={2021},
  publisher={Cold Spring Harbor Laboratory}
}

@InProceedings{bunne2022proximal,
  title={{Proximal Optimal Transport Modeling of Population
	Dynamics}},
  author={Bunne, Charlotte and Meng-Papaxanthos, Laetitia and
	Krause, Andreas and Cuturi, Marco},
  booktitle=aistats,
  year={2022},
  volume={25}
}

@InProceedings{bunne2022recovering,
  title={{The Schr\"odinger Bridge between Gaussian Measures has a
	Closed Form}},
  author={Bunne, Charlotte and Hsieh, Ya-Ping and Cuturi, Marci and
	Krause, Andreas},
  booktitle=aistats,
  year={2023}
}

@InProceedings{bunne2022supervised,
  title={{Supervised Training of Conditional Monge Maps}},
  author={Bunne, Charlotte and Krause, Andreas and Cuturi, Marco},
  booktitle=nips,
  year={2022}
}

@Article{burger2010,
  title={{A mixed finite element method for nonlinear diffusion
	equations}},
  journal={Kinetic \& Related Models},
  volume={3},
  number={1},
  year={2010},
  author={Burger, Martin and Carrillo, José A. and Wolfram,
	Marie-Therese}
}

@Article{burkhardt2021quantifying,
  title={Quantifying the effect of experimental perturbations at
	single-cell resolution},
  author={Burkhardt, Daniel B and Stanley, Jay S and Tong, Alexander
	and Perdigoto, Ana Luisa and Gigante, Scott A and Herold,
	Kevan C and Wolf, Guy and Giraldez, Antonio J and van Dijk,
	David and Krishnaswamy, Smita},
  journal={Nature Biotechnology},
  volume={39},
  number={5},
  year={2021},
  publisher={Nature Publishing Group}
}

@Article{caffarelli2000monotonicity,
  title={{Monotonicity Properties of Optimal Transportation and the
	FKG and Related Inequalities}},
  author={Caffarelli, Luis A},
  journal={Communications in Mathematical Physics},
  volume={214},
  number={3},
  year={2000},
  publisher={Springer}
}

@Article{cang2020inferring,
  title={Inferring spatial and signaling relationships between
	cells from single cell transcriptomic data},
  author={Cang, Zixuan and Nie, Qing},
  journal={Nature Communications},
  volume={11},
  number={1},
  year={2020},
  publisher={Nature Publishing Group}
}

@Article{cao2021benchmark,
  title={A benchmark study of simulation methods for single-cell
	RNA sequencing data},
  author={Cao, Yue and Yang, Pengyi and Yang, Jean Yee Hwa},
  journal={Nature Communications},
  volume={12},
  number={1},
  year={2021},
  publisher={Nature Publishing Group}
}

@Article{carpenter2006cellprofiler,
  title={{CellProfiler: image analysis software for identifying and
	quantifying cell phenotypes}},
  author={Carpenter, Anne E and Jones, Thouis R and Lamprecht,
	Michael R and Clarke, Colin and Kang, In Han and Friman,
	Ola and Guertin, David A and Chang, Joo Han and Lindquist,
	Robert A and Moffat, Jason and others},
  journal={Genome Biology},
  volume={7},
  number={10},
  year={2006},
  publisher={Springer}
}

@Article{carrillo2021primal,
  title={{Primal Dual Methods for Wasserstein Gradient Flows}},
  author={Carrillo, Jose A and Craig, Katy and Wang, Li and Wei,
	Chaozhen},
  journal={Foundations of Computational Mathematics},
  year={2021},
  publisher={Springer}
}

@Article{caruana1997multitask,
  title={{Multitask Learning}},
  author={Caruana, Rich},
  journal={Machine Learning},
  volume={28},
  number={1},
  year={1997},
  publisher={Springer}
}

@Article{caunt2015mek1,
  title={{MEK1 and MEK2 inhibitors and cancer therapy: the long and
	winding road}},
  author={Caunt, Christopher J and Sale, Matthew J and Smith, Paul D
	and Cook, Simon J},
  journal={Nature Reviews Cancer},
  volume={15},
  number={10},
  year={2015},
  publisher={Nature Publishing Group}
}

@InProceedings{chandak2019learning,
  title={{Learning Action Representations for Reinforcement
	Learning}},
  author={Chandak, Yash and Theocharous, Georgios and Kostas, James
	and Jordan, Scott and Thomas, Philip},
  booktitle=icml,
  year={2019}
}

@Article{chari2021whole,
  title={{Whole-animal multiplexed single-cell RNA-seq reveals
	transcriptional shifts across Clytia medusa cell types}},
  author={Chari, Tara and Weissbourd, Brandon and Gehring, Jase and
	Ferraioli, Anna and Lecl{\`e}re, Lucas and Herl, Makenna
	and Gao, Fan and Chevalier, Sandra and Copley, Richard R
	and Houliston, Evelyn and others},
  journal={Science Advances},
  volume={7},
  number={48},
  year={2021},
  publisher={American Association for the Advancement of Science}
}

@InProceedings{chen2018neural,
  title={{Neural Ordinary Differential Equations}},
  author={Chen, Ricky TQ and Rubanova, Yulia and Bettencourt, Jesse
	and Duvenaud, David},
  booktitle=nips,
  year={2018}
}

@InProceedings{chen2018optimal,
  title={{Optimal Control Via Neural Networks: A Convex Approach}},
  author={Chen, Yize and Shi, Yuanyuan and Zhang, Baosen},
  booktitle=iclr,
  year={2019}
}

@Article{chen2020dissecting,
  title={{Dissecting heterogeneous cell populations across drug and
	disease conditions with PopAlign}},
  author={Chen, Sisi and Rivaud, Paul and Park, Jong H and Tsou,
	Tiffany and Charles, Emeric and Haliburton, John R and
	Pichiorri, Flavia and Thomson, Matt},
  journal={Proceedings of the National Academy of Sciences},
  volume={117},
  number={46},
  year={2020}
}

@Article{chen2020uncovering,
  title={Uncovering axes of variation among single-cell cancer
	specimens},
  author={Chen, William S and Zivanovic, Nevena and Van Dijk, David
	and Wolf, Guy and Bodenmiller, Bernd and Krishnaswamy,
	Smita},
  journal={Nature Methods},
  volume={17},
  number={3},
  year={2020},
  publisher={Nature Publishing Group}
}

@InProceedings{chen2021likelihood,
  title={{Likelihood Training of {S}chr\"{o}dinger Bridge using
	Forward-Backward {SDE}s Theory}},
  author={Chen, Tianrong and Liu, Guan-Horng and Theodorou,
	Evangelos A},
  booktitle=iclr,
  year={2022}
}

@Article{chen2021optimal,
  title={{Optimal Transport in Systems and Control}},
  author={Chen, Yongxin and Georgiou, Tryphon T and Pavon, Michele},
  journal={Annual Review of Control, Robotics, and Autonomous
	Systems},
  volume={4},
  year={2021},
  publisher={Annual Reviews}
}

@Article{chen2021stochastic,
  title={Stochastic Control Liaisons: {R}ichard {S}inkhorn Meets
	{G}aspard {M}onge on a {S}chr\"{o}dinger Bridge},
  author={Chen, Yongxin and Georgiou, Tryphon T and Pavon, Michele},
  journal={SIAM Review},
  volume={63},
  number={2},
  year={2021},
  publisher={SIAM}
}

@Article{chen2022live,
  title={Live-seq enables temporal transcriptomic recording of
	single cells},
  author={Chen, Wanze and Guillaume-Gentil, Orane and Rainer,
	Pernille Yde and G{\"a}belein, Christoph G and Saelens,
	Wouter and Gardeux, Vincent and Klaeger, Amanda and
	Dainese, Riccardo and Zachara, Magda and Zambelli, Tomaso
	and others},
  journal={Nature},
  volume={608},
  year={2022}
}

@Article{chizat2018scaling,
  title={Scaling algorithms for unbalanced optimal transport
	problems},
  author={Chizat, Lenaic and Peyr{\'e}, Gabriel and Schmitzer,
	Bernhard and Vialard, Fran{\c{c}}ois-Xavier},
  journal={Mathematics of Computation},
  volume={87},
  number={314},
  year={2018}
}

@InProceedings{chopra2005learning,
  title={Learning a similarity metric discriminatively, with
	application to face verification},
  author={Chopra, Sumit and Hadsell, Raia and LeCun, Yann},
  booktitle=cvpr,
  volume={1},
  year={2005},
  organization={IEEE}
}

@InCollection{combettes2011proximal,
  title={Proximal splitting methods in signal processing},
  author={Combettes, Patrick L and Pesquet, Jean-Christophe},
  booktitle={Fixed-point algorithms for inverse problems in science and
	engineering},
  pages={185--212},
  year={2011},
  publisher={Springer}
}

@InProceedings{corso2022diffdock,
  title={{Diffusion Steps, Twists, and Turns for Molecular
	Docking}},
  author={Corso, Gabriele and St{\"a}rk, Hannes and Jing, Bowen and
	Barzilay, Regina and Jaakkola, Tommi},
  booktitle=iclr,
  year={2023}
}

@Article{cucker2007a,
  author={Cucker, Felipe and Smale, Steve},
  journal={IEEE Transactions on Automatic Control},
  title={{Emergent Behavior in Flocks}},
  year={2007},
  volume={52},
  number={5}
}

@Article{cucker2007b,
  title={On the mathematics of emergence},
  author={Cucker, Felipe and Smale, Steve},
  journal={Japanese Journal of Mathematics},
  volume={2},
  number={1},
  year={2007},
  publisher={Springer}
}

@InProceedings{cuturi2013sinkhorn,
  title={{Sinkhorn Distances: Lightspeed Computation of Optimal
	Transport}},
  author={Cuturi, Marco},
  booktitle=nips,
  year={2013},
  volume={26}
}

@Article{cuturi2022optimal,
  title={{Optimal Transport Tools (OTT): A JAX Toolbox for all
	things Wasserstein}},
  author={Cuturi, Marco and Meng-Papaxanthos, Laetitia and Tian,
	Yingtao and Bunne, Charlotte and Davis, Geoff and Teboul,
	Olivier},
  journal={arXiv Preprint arXiv:2201.12324},
  year={2022}
}

@Article{cuturi2023monge,
  title={{Monge, Bregman and Occam: Interpretable Optimal Transport
	in High-Dimensions with Feature-Sparse Maps}},
  author={Cuturi, Marco and Klein, Michal and Ablin, Pierre},
  journal={arXiv preprint arXiv:2302.04065},
  year={2023}
}

@Article{dai2018autoencoder,
  title={Autoencoder and optimal transport to infer single-cell
	trajectories of biological processes},
  author={Dai Yang, Karren and Damodaran, Karthik and
	Venkatchalapathy, Saradha and Soylemezoglu, Ali C and
	Shivashankar, GV and Uhler, Caroline},
  journal={bioRxiv},
  pages={455469},
  year={2018},
  publisher={Cold Spring Harbor Laboratory}
}

@Article{dai2021multi,
  title={Multi-domain translation between single-cell imaging and
	sequencing data using autoencoders},
  author={Dai Yang, Karren and Belyaeva, Anastasiya and
	Venkatachalapathy, Saradha and Damodaran, Karthik and
	Katcoff, Abigail and Radhakrishnan, Adityanarayanan and
	Shivashankar, GV and Uhler, Caroline},
  journal={Nature Communications},
  volume={12},
  number={1},
  year={2021},
  publisher={Nature Publishing Group}
}

@Article{dalalyan2017theoretical,
  title={Theoretical guarantees for approximate sampling from
	smooth and log-concave densities},
  author={Dalalyan, Arnak S},
  journal={Journal of the Royal Statistical Society. Series B
	(Statistical Methodology)},
  pages={651--676},
  year={2017},
  publisher={JSTOR}
}

@InProceedings{daniels2021score,
  title={Score-based generative neural networks for large-scale
	optimal transport},
  author={Daniels, Max and Maunu, Tyler and Hand, Paul},
  booktitle=nips,
  volume={34},
  year={2021}
}

@Book{	danskin2012theory,
  title={{The Theory of Max-Min and its Applications to Weapons
	Allocation Problems}},
  author={Danskin, John M},
  volume={5},
  year={1967},
  publisher={Springer}
}

@Article{de2009multidimensional,
  title={{Multidimensional Scaling Using Majorization: SMACOF in
	R}},
  author={De Leeuw, Jan and Mair, Patrick},
  journal={Journal of Statistical Software},
  volume={31},
  year={2009}
}

@InProceedings{de2019stochastic,
  title={{Stochastic Deep Networks}},
  author={De Bie, Gwendoline and Peyr{\'e}, Gabriel and Cuturi,
	Marco},
  booktitle=icml,
  year={2019},
  volume={36}
}

@InProceedings{de2021diffusion,
  title={Diffusion Schr{\"o}dinger bridge with applications to
	score-based generative modeling},
  author={De Bortoli, Valentin and Thornton, James and Heng, Jeremy
	and Doucet, Arnaud},
  booktitle=nips,
  volume={34},
  year={2021}
}

@InProceedings{de2022riemannian,
  title={{Riemannian Score-Based Generative Modelling}},
  author={De Bortoli, Valentin and Mathieu, Emile and Hutchinson,
	Michael and Thornton, James and Teh, Yee Whye and Doucet,
	Arnaud},
  booktitle=nips,
  year={2022}
}

@Article{demetci2020gromov,
  title={{SCOT: Single-Cell Multi-Omics Alignment with Optimal
	Transport}},
  author={Demetci, Pinar and Santorella, Rebecca and Sandstede,
	Bj{\"o}rn and Noble, William Stafford and Singh,
	Ritambhara},
  journal={Journal of Computational Biology},
  volume={29},
  number={1},
  year={2022},
  publisher={Mary Ann Liebert, Inc.}
}

@Article{divol2022optimal,
  title={Optimal transport map estimation in general function
	spaces},
  author={Divol, Vincent and Niles-Weed, Jonathan and Pooladian,
	Aram-Alexandre},
  journal={arXiv preprint arXiv:2212.03722},
  year={2022}
}

@Article{dixit2016perturb,
  title={{Perturb-Seq: Dissecting Molecular Circuits with Scalable
	Single-Cell RNA Profiling of Pooled Genetic Screens}},
  author={Dixit, Atray and Parnas, Oren and Li, Biyu and Chen, Jenny
	and Fulco, Charles P and Jerby-Arnon, Livnat and
	Marjanovic, Nemanja D and Dionne, Danielle and Burks, Tyler
	and Raychowdhury, Raktima and others},
  journal={Cell},
  volume={167},
  number={7},
  year={2016},
  publisher={Elsevier}
}

@Article{dowson1982frechet,
  title={The {F}r{\'e}chet distance between multivariate normal
	distributions},
  author={Dowson, D. C. and Landau, B. V.},
  journal={Journal of Multivariate Analysis},
  volume={12},
  number={3},
  year={1982},
  publisher={Elsevier}
}

@InProceedings{edwards2016,
  title={{Towards a Neural Statistician}},
  author={Edwards, Harrison and Storkey, Amos},
  booktitle=iclr,
  volume={5},
  year={2017}
}

@InProceedings{fan2020scalable,
  title={{Scalable Computations of Wasserstein Barycenter via Input
	Convex Neural Networks}},
  author={Fan, Jiaojiao and Taghvaei, Amirhossein and Chen,
	Yongxin},
  booktitle=icml,
  year={2021}
}

@InProceedings{fan2021scalable,
  title={{Scalable Computations of Wasserstein Barycenter via Input
	Convex Neural Networks}},
  author={Fan, Jiaojiao and Taghvaei, Amirhossein and Chen,
	Yongxin},
  booktitle=icml,
  year={2021}
}

@InProceedings{feydy2018interpolating,
  title={{Interpolating between Optimal Transport and MMD using
	Sinkhorn Divergences}},
  author={Feydy, Jean and S{\'e}journ{\'e}, Thibault and Vialard,
	Fran{\c{c}}ois-Xavier and Amari, Shun-Ichi and Trouv{\'e},
	Alain and Peyr{\'e}, Gabriel},
  booktitle=aistats,
  year={2019},
  volume={22}
}

@Article{figalli2010optimal,
  title={{The Optimal Partial Transport Problem}},
  author={Figalli, Alessio},
  journal={Archive for Rational Mechanics and Analysis},
  volume={195},
  number={2},
  year={2010},
  publisher={Springer}
}

@Article{fischer2019,
  title={{Inferring population dynamics from single-cell
	RNA-sequencing time series data}},
  author={Fischer, David S and Fiedler, Anna K and Kernfeld, Eric M
	and Genga, Ryan MJ and Bastidas-Ponce, Aim{\'e}e and
	Bakhti, Mostafa and Lickert, Heiko and Hasenauer, Jan and
	Maehr, Rene and Theis, Fabian J},
  journal={Nature Biotechnology},
  volume={37},
  number={4},
  year={2019},
  publisher={Nature Publishing Group}
}

@Article{fisher2009data,
  title={Data assimilation in weather forecasting: a case study in
	PDE-constrained optimization},
  author={Fisher, Mike and Nocedal, Jorge and Tr{\'e}molet, Yannick
	and Wright, Stephen J},
  journal={Optimization and Engineering},
  volume={10},
  number={3},
  pages={409--426},
  year={2009},
  publisher={Springer}
}

@Article{flamary2016optimal,
  title={Optimal transport for domain adaptation},
  author={Flamary, R and Courty, N and Tuia, D and Rakotomamonjy,
	A},
  journal=tpami,
  volume={1},
  year={2016}
}

@Article{flamary2021pot,
  author={R{\'e}mi Flamary and Nicolas Courty and Alexandre Gramfort
	and Mokhtar Z. Alaya and Aur{\'e}lie Boisbunon and
	Stanislas Chambon and Laetitia Chapel and Adrien Corenflos
	and Kilian Fatras and Nemo Fournier and L{\'e}o Gautheron
	and Nathalie T.H. Gayraud and Hicham Janati and Alain
	Rakotomamonjy and Ievgen Redko and Antoine Rolet and Antony
	Schutz and Vivien Seguy and Danica J. Sutherland and Romain
	Tavenard and Alexander Tong and Titouan Vayer},
  title={{POT: Python Optimal Transport}},
  journal=jmlr,
  year={2021},
  volume={22}
}

@Article{flier2001differential,
  title={{Differential expression of CXCR3 targeting chemokines
	CXCL10, CXCL9, and CXCL11 in different types of skin
	inflammation}},
  author={Flier, Jacoba and Boorsma, Dick M and van Beek, Peter J
	and Nieboer, Cees and Stoof, Tom J and Willemze, Rein and
	Tensen, Cornelis P},
  journal={The Journal of Pathology: A Journal of the Pathological
	Society of Great Britain and Ireland},
  volume={194},
  number={4},
  year={2001},
  publisher={Wiley Online Library}
}

@Article{frangieh2021multimodal,
  title={{Multimodal pooled Perturb-CITE-seq screens in patient
	models define mechanisms of cancer immune evasion}},
  author={Frangieh, Chris J and Melms, Johannes C and Thakore,
	Pratiksha I and Geiger-Schuller, Kathryn R and Ho, Patricia
	and Luoma, Adrienne M and Cleary, Brian and Jerby-Arnon,
	Livnat and Malu, Shruti and Cuoco, Michael S and others},
  journal={Nature Genetics},
  volume={53},
  number={3},
  pages={332--341},
  year={2021},
  publisher={Nature Publishing Group}
}

@InProceedings{frogner2015learning,
  title={{Learning with a Wasserstein Loss}},
  author={Frogner, Charlie and Zhang, Chiyuan and Mobahi, Hossein
	and Araya, Mauricio and Poggio, Tomaso A},
  booktitle=nips,
  volume={28},
  year={2015}
}

@Article{frohlich2018efficient,
  title={{Efficient parameter estimation enables the prediction of
	drug response using a mechanistic pan-cancer pathway
	model}},
  author={Fr{\"o}hlich, Fabian and Kessler, Thomas and Weindl,
	Daniel and Shadrin, Alexey and Schmiester, Leonard and
	Hache, Hendrik and Muradyan, Artur and Sch{\"u}tte, Moritz
	and Lim, Ji-Hyun and Heinig, Matthias and others},
  journal={Cell Systems},
  volume={7},
  number={6},
  pages={567--579},
  year={2018},
  publisher={Elsevier}
}

@Book{	galichon2018optimal,
  title={Optimal transport methods in economics},
  author={Galichon, Alfred},
  year={2018},
  publisher={Princeton University Press}
}

@Article{gallouet2017jko,
  title={{A JKO Splitting Scheme for Kantorovich--Fisher--Rao
	Gradient Flows}},
  author={Gallou{\"e}t, Thomas O and Monsaingeon, Leonard},
  journal={SIAM Journal on Mathematical Analysis},
  volume={49},
  number={2},
  year={2017},
  publisher={SIAM}
}

@Article{gangbo1996geometry,
  title={The geometry of optimal transportation},
  author={Gangbo, Wilfrid and McCann, Robert J},
  journal={Acta Mathematica},
  volume={177},
  number={2},
  year={1996}
}

@Article{gelbrich1990formula,
  title={{On a Formula for the $L^2$ Wasserstein Metric between
	Measures on Euclidean and Hilbert Spaces}},
  author={Gelbrich, Matthias},
  journal={Mathematische Nachrichten},
  volume={147},
  number={1},
  year={1990}
}

@InProceedings{genevay2018learning,
  title={{Learning Generative Models with Sinkhorn Divergences}},
  author={Genevay, Aude and Peyr{\'e}, Gabriel and Cuturi, Marco},
  booktitle=aistats,
  year={2018},
  organization={PMLR}
}

@InProceedings{genevay2018sample,
  title={{Sample Complexity of Sinkhorn Divergences}},
  author={Genevay, Aude and Chizat, L{\'e}naic and Bach, Francis and
	Cuturi, Marco and Peyr{\'e}, Gabriel},
  booktitle=aistats,
  year={2019},
  volume={22}
}

@InCollection{gilmer2020message,
  title={{Neural Message Passing for Quantum Chemistry}},
  author={Gilmer, Justin and Schoenholz, Samuel S and Riley, Patrick
	F and Vinyals, Oriol and Dahl, George E},
  booktitle=icml,
  year={2017}
}

@Article{gonzalez2020tumor,
  title={{Tumor functional heterogeneity unraveled by scRNA-seq
	technologies}},
  author={Gonz{\'a}lez-Silva, Laura and Quevedo, Laura and Varela,
	Ignacio},
  journal={Trends in Cancer},
  volume={6},
  number={1},
  year={2020},
  publisher={Elsevier}
}

@InProceedings{grathwohl2018ffjord,
  title={{FFJORD: Free-Form Continuous Dynamics for Scalable
	Reversible Generative Models}},
  author={Grathwohl, Will and Chen, Ricky TQ and Bettencourt, Jesse
	and Sutskever, Ilya and Duvenaud, David},
  booktitle=iclr,
  year={2019}
}

@Article{green2016systems,
  title={A systems survey of progressive host-cell reorganization
	during rotavirus infection},
  author={Green, Victoria A and Pelkmans, Lucas},
  journal={Cell Host \& Microbe},
  volume={20},
  number={1},
  pages={107--120},
  year={2016},
  publisher={Elsevier}
}

@Article{gretton2012kernel,
  title={{A Kernel Two-Sample Test}},
  author={Gretton, Arthur and Borgwardt, Karsten M and Rasch, Malte
	J and Sch{\"o}lkopf, Bernhard and Smola, Alexander},
  journal=jmlr,
  volume={13},
  year={2012}
}

@Article{guizar2008efficient,
  title={Efficient subpixel image registration algorithms},
  author={Guizar-Sicairos, Manuel and Thurman, Samuel T and Fienup,
	James R},
  journal={Optics Letters},
  volume={33},
  number={2},
  year={2008},
  publisher={Optical Society of America}
}

@Article{gut2015trajectories,
  title={Trajectories of cell-cycle progression from fixed cell
	populations},
  author={Gut, Gabriele and Tadmor, Michelle D and Pe'er, Dana and
	Pelkmans, Lucas and Liberali, Prisca},
  journal={Nature Methods},
  volume={12},
  number={10},
  year={2015},
  publisher={Nature Publishing Group}
}

@Article{gut2018multiplexed,
  title={Multiplexed protein maps link subcellular organization to
	cellular states},
  author={Gut, Gabriele and Herrmann, Markus D and Pelkmans, Lucas},
  journal={Science},
  volume={361},
  number={6401},
  year={2018},
  publisher={American Association for the Advancement of Science}
}

@Article{ha2016hypernetworks,
  title={Hypernetworks},
  author={Ha, David and Dai, Andrew and Le, Quoc V},
  journal={arXiv preprint arXiv:1609.09106},
  year={2016}
}

@InProceedings{haasler2019estimating,
  title={{Estimating ensemble flows on a hidden Markov chain}},
  author={Haasler, Isabel and Ringh, Axel and Chen, Yongxin and
	Karlsson, Johan},
  booktitle={2019 IEEE 58th Conference on Decision and Control (CDC)},
  year={2019},
  organization={IEEE}
}

@Article{haasler2021multi,
  title={Multi-marginal optimal transport and probabilistic
	graphical models},
  author={Haasler, Isabel and Singh, Rahul and Zhang, Qinsheng and
	Karlsson, Johan and Chen, Yongxin},
  journal={IEEE Transactions on Information Theory},
  year={2021},
  publisher={IEEE}
}

@Article{haasler2021multimarginal,
  title={{Multimarginal Optimal Transport with a Tree-Structured
	Cost and the Schr\"odinger Bridge Problem}},
  author={Haasler, Isabel and Ringh, Axel and Chen, Yongxin and
	Karlsson, Johan},
  journal={SIAM Journal on Control and Optimization},
  volume={59},
  number={4},
  year={2021},
  publisher={SIAM}
}

@Article{hagai2018gene,
  title={Gene expression variability across cells and species
	shapes innate immunity},
  author={Hagai, Tzachi and Chen, Xi and Miragaia, Ricardo J and
	Rostom, Raghd and Gomes, Tom{\'a}s and Kunowska, Natalia
	and Henriksson, Johan and Park, Jong-Eun and Proserpio,
	Valentina and Donati, Giacomo and others},
  journal={Nature},
  volume={563},
  number={7730},
  year={2018},
  publisher={Nature Publishing Group}
}

@InProceedings{hashimoto2016learning,
  title={{Learning Population-Level Diffusions with Generative
	Recurrent Networks}},
  author={Hashimoto, Tatsunori and Gifford, David and Jaakkola,
	Tommi},
  booktitle=icml,
  year={2016},
  volume={33}
}

@InProceedings{he2016deep,
  title={{Deep Residual Learning for Image Recognition}},
  author={He, Kaiming and Zhang, Xiangyu and Ren, Shaoqing and Sun,
	Jian},
  booktitle=cvpr,
  year={2016}
}

@Article{hedrich2011epigenetic,
  title={Epigenetic mechanisms in systemic lupus erythematosus and
	other autoimmune diseases},
  author={Hedrich, Christian M and Tsokos, George C},
  journal={Trends in Molecular Medicine},
  volume={17},
  number={12},
  year={2011},
  publisher={Elsevier}
}

@Article{heydari2022iqcell,
  title={{IQCELL: A platform for predicting the effect of gene
	perturbations on developmental trajectories using
	single-cell RNA-seq data}},
  author={Heydari, Tiam and A. Langley, Matthew and Fisher, Cynthia
	L and Aguilar-Hidalgo, Daniel and Shukla, Shreya and
	Yachie-Kinoshita, Ayako and Hughes, Michael and M. McNagny,
	Kelly and Zandstra, Peter W},
  journal={PLoS Computational Biology},
  volume={18},
  number={2},
  year={2022}
}

@Article{holdijk2022path,
  title={Path Integral Stochastic Optimal Control for Sampling
	Transition Paths},
  author={Holdijk, Lars and Du, Yuanqi and Hooft, Ferry and Jaini,
	Priyank and Ensing, Bernd and Welling, Max},
  journal={arXiv preprint arXiv:2207.02149},
  year={2022}
}

@InProceedings{huang2021convex,
  title={{Convex Potential Flows: Universal Probability
	Distributions with Optimal Transport and Convex
	Optimization}},
  author={Chin-Wei Huang and Ricky T. Q. Chen and Christos
	Tsirigotis and Aaron Courville},
  booktitle=iclr,
  year={2021}
}

@InProceedings{huang2022riemannian,
  title={{Riemannian Diffusion Models}},
  author={Huang, Chin-Wei and Aghajohari, Milad and Bose, Avishek
	Joey and Panangaden, Prakash and Courville, Aaron},
  booktitle=nips,
  year={2022}
}

@Article{huizing2021optimal,
  title={Optimal transport improves cell--cell similarity inference
	in single-cell omics data},
  author={Huizing, Geert-Jan and Peyr{\'e}, Gabriel and Cantini,
	Laura},
  journal={Bioinformatics},
  volume={38},
  number={8},
  year={2022},
  publisher={Oxford University Press}
}

@Article{hutter2021minimax,
  title={Minimax estimation of smooth optimal transport maps},
  author={H{\"u}tter, Jan-Christian and Rigollet, Philippe},
  journal={The Annals of Statistics},
  volume={49},
  number={2},
  year={2021},
  publisher={Institute of Mathematical Statistics}
}

@Article{irmisch2021tumor,
  title={The Tumor Profiler Study: Integrated, multi-omic,
	functional tumor profiling for clinical decision support},
  author={Irmisch, Anja and Bonilla, Ximena and Chevrier,
	St{\'e}phane and Lehmann, Kjong-Van and Singer, Franziska
	and Toussaint, Nora C and Esposito, Cinzia and Mena, Julien
	and Milani, Emanuela S and Casanova, Ruben and others},
  journal={Cancer Cell},
  volume={39},
  number={3},
  year={2021},
  publisher={Elsevier}
}

@InProceedings{jacob2018w2gan,
  title={{W2GAN: Recovering an Optimal Transport Map with a GAN}},
  author={Jacob, Leygonie and She, Jennifer and Almahairi, Amjad and
	Rajeswar, Sai and Courville, Aaron},
  booktitle=arxiv,
  year={2018}
}

@Article{janati2020multi,
  title={{Multi-subject MEG/EEG source imaging with sparse
	multi-task regression}},
  author={Janati, Hicham and Bazeille, Thomas and Thirion, Bertrand
	and Cuturi, Marco and Gramfort, Alexandre},
  journal={NeuroImage},
  volume={220},
  year={2020},
  publisher={Elsevier}
}

@InProceedings{janati2020spatio,
  title={{Spatio-Temporal Alignments: Optimal transport through
	space and time}},
  author={Janati, Hicham and Cuturi, Marco and Gramfort, Alexandre},
  booktitle=aistats,
  year={2020},
  volume={23}
}

@Misc{	jax2018github,
  author={James Bradbury and Roy Frostig and Peter Hawkins and
	Matthew James Johnson and Chris Leary and Dougal Maclaurin
	and George Necula and Adam Paszke and Jake Vander{P}las and
	Skye Wanderman-{M}ilne and Qiao Zhang},
  title={{JAX}: composable transformations of {P}ython+{N}um{P}y
	programs},
  url={http://github.com/google/jax},
  version={0.2.5},
  year={2018}
}

@Article{ji2021machine,
  title={Machine learning for perturbational single-cell omics},
  author={Ji, Yuge and Lotfollahi, Mohammad and Wolf, F Alexander
	and Theis, Fabian J},
  journal={Cell Systems},
  volume={12},
  number={6},
  year={2021},
  publisher={Elsevier}
}

@InProceedings{jing2022torsional,
  title={{Torsional Diffusion for Molecular Conformer Generation}},
  author={Jing, Bowen and Corso, Gabriele and Chang, Jeffrey and
	Barzilay, Regina and Jaakkola, Tommi},
  booktitle=nips,
  year={2022}
}

@Article{jordan1998variational,
  author={Jordan, Richard and Kinderlehrer, David and Otto, Felix},
  title={{The Variational Formulation of the Fokker--Planck
	Equation}},
  journal={SIAM Journal on Mathematical Analysis},
  year={1998},
  volume={29},
  number={1},
  publisher={SIAM}
}

@Article{kamimoto2020celloracle,
  title={{CellOracle: Dissecting cell identity via network
	inference and in silico gene perturbation}},
  author={Kamimoto, Kenji and Hoffmann, Christy M and Morris,
	Samantha A},
  journal={bioRxiv},
  year={2020},
  publisher={Cold Spring Harbor Laboratory}
}

@Article{kang2018multiplexed,
  title={{Multiplexed droplet single-cell RNA-sequencing using
	natural genetic variation}},
  author={Kang, Hyun Min and Subramaniam, Meena and Targ, Sasha and
	Nguyen, Michelle and Maliskova, Lenka and McCarthy,
	Elizabeth and Wan, Eunice and Wong, Simon and Byrnes,
	Lauren and Lanata, Cristina M and others},
  journal={Nature Biotechnology},
  volume={36},
  number={1},
  year={2018}
}

@InProceedings{kantorovich1942transfer,
  title={{On the transfer of masses (in Russian)}},
  author={Kantorovich, L},
  booktitle={Doklady Akademii Nauk},
  volume={37},
  year={1942}
}

@Article{kauko2018pp2a,
  title={PP2A inhibition is a druggable MEK inhibitor resistance
	mechanism in KRAS-mutant lung cancer cells},
  author={Kauko, Otto and O’Connor, Caitlin M and Kulesskiy,
	Evgeny and Sangodkar, Jaya and Aakula, Anna and Izadmehr,
	Sudeh and Yetukuri, Laxman and Yadav, Bhagwan and Padzik,
	Artur and Laajala, Teemu Daniel and others},
  journal={Science translational medicine},
  volume={10},
  number={450},
  pages={eaaq1093},
  year={2018},
  publisher={American Association for the Advancement of Science}
}

@InProceedings{kingma2014adam,
  title={{Adam: A Method for Stochastic Optimization}},
  author={Kingma, Diederik P and Ba, Jimmy},
  booktitle=iclr,
  year={2014}
}

@InProceedings{kipf2018neural,
  title={{Neural Relational Inference for Interacting Systems}},
  author={Kipf, Thomas and Fetaya, Ethan and Wang, Kuan-Chieh and
	Welling, Max and Zemel, Richard},
  booktitle=icml,
  year={2018}
}

@Article{klein2015,
  title={{Droplet Barcoding for Single-Cell Transcriptomics Applied
	to Embryonic Stem Cells}},
  author={Klein, Allon M and Mazutis, Linas and Akartuna, Ilke and
	Tallapragada, Naren and Veres, Adrian and Li, Victor and
	Peshkin, Leonid and Weitz, David A and Kirschner, Marc W},
  journal={Cell},
  volume={161},
  number={5},
  year={2015},
  publisher={Elsevier}
}

@InCollection{kloeden1992stochastic,
  title={{Stochastic Differential Equations}},
  author={Kloeden, Peter E and Platen, Eckhard},
  booktitle={{Numerical Solution of Stochastic Differential
	Equations}},
  year={1992},
  publisher={Springer}
}

@Article{knott1984optimal,
  title={On the optimal mapping of distributions},
  author={Knott, Martin and Smith, Cyril S},
  journal={Journal of Optimization Theory and Applications},
  volume={43},
  number={1},
  year={1984},
  publisher={Springer}
}

@Article{korotin2019wasserstein,
  title={{Wasserstein-2 Generative Networks}},
  author={Korotin, Alexander and Egiazarian, Vage and Asadulaev,
	Arip and Safin, Alexander and Burnaev, Evgeny},
  journal=iclr,
  year={2021}
}

@InProceedings{korotin2020wasserstein,
  title={{Wasserstein-2 Generative Networks}},
  author={Korotin, Alexander and Egiazarian, Vage and Asadulaev,
	Arip and Safin, Alexander and Burnaev, Evgeny},
  booktitle=iclr,
  year={2020}
}

@Article{korotin2021neural,
  title={{Do Neural Optimal Transport Solvers Work? A Continuous
	Wasserstein-2 Benchmark}},
  author={Korotin, Alexander and Li, Lingxiao and Genevay, Aude and
	Solomon, Justin M and Filippov, Alexander and Burnaev,
	Evgeny},
  journal=nips,
  volume={34},
  year={2021}
}

@Article{kramer2019cellular,
  title={Multimodal perception links cellular state to
	decision-making in single cells},
  author={Kramer, Bernhard A and Sarabia del Castillo, Jacobo and
	Pelkmans, Lucas},
  journal={Science},
  volume={377},
  number={6606},
  pages={642--648},
  year={2022},
  publisher={American Association for the Advancement of Science}
}

@InProceedings{krishnan2017structured,
  title={{Structured Inference Networks for Nonlinear State Space
	Models}},
  author={Krishnan, Rahul and Shalit, Uri and Sontag, David},
  booktitle=aaai,
  volume={31},
  year={2017}
}

@Article{kummar2010utilizing,
  title={Utilizing targeted cancer therapeutic agents in
	combination: novel approaches and urgent requirements},
  author={Kummar, Shivanni and Chen, Helen X and Wright, John and
	Holbeck, Susan and Millin, Myrtle Davis and Tomaszewski,
	Joseph and Zweibel, James and Collins, Jerry and Doroshow,
	James H},
  journal={Nature Reviews Drug discovery},
  volume={9},
  number={11},
  year={2010},
  publisher={Nature Publishing Group}
}

@Article{kun2021mek,
  title={{MEK inhibitor resistance mechanisms and recent
	developments in combination trials}},
  author={Kun, E and Tsang, YTM and Ng, CW and Gershenson, DM and
	Wong, KK},
  journal={Cancer Treatment Reviews},
  volume={92},
  pages={102137},
  year={2021},
  publisher={Elsevier}
}

@Article{lavenant2021towards,
  title={Towards a mathematical theory of trajectory inference},
  author={Lavenant, Hugo and Zhang, Stephen and Kim, Young-Heon and
	Schiebinger, Geoffrey},
  journal={arXiv preprint arXiv:2102.09204},
  year={2021}
}

@InCollection{lecun2012efficient,
  title={{Efficient Backprop}},
  author={LeCun, Yann A and Bottou, L{\'e}on and Orr, Genevieve B
	and M{\"u}ller, Klaus-Robert},
  booktitle={Neural Networks: Tricks of the Trade},
  year={2012},
  publisher={Springer}
}

@InProceedings{lee2019,
  title={{Set Transformer: A Framework for Attention-based
	Permutation-Invariant Neural Networks}},
  author={Lee, Juho and Lee, Yoonho and Kim, Jungtaek and Kosiorek,
	Adam and Choi, Seungjin and Teh, Yee Whye},
  booktitle=icml,
  year={2019}
}

@InProceedings{li2020scalable,
  title={{Scalable Gradients and Variational Inference for
	Stochastic Differential Equations}},
  author={Li, Xuechen and Wong, Ting-Kam Leonard and Chen, Ricky TQ
	and Duvenaud, David K},
  booktitle={Symposium on Advances in Approximate Bayesian Inference},
  year={2020},
  organization={PMLR}
}

@Article{li2022single,
  title={Single-cell transcriptomics reveals cellular heterogeneity
	and molecular stratification of cervical cancer},
  author={Li, Chunbo and Wu, Hao and Guo, Luopei and Liu, Danyang
	and Yang, Shimin and Li, Shengli and Hua, Keqin},
  journal={Communications Biology},
  volume={5},
  number={1},
  year={2022},
  publisher={Nature Publishing Group}
}

@Article{liberali2014hierarchical,
  title={A hierarchical map of regulatory genetic interactions in
	membrane trafficking},
  author={Liberali, Prisca and Snijder, Berend and Pelkmans, Lucas},
  journal={Cell},
  volume={157},
  number={6},
  year={2014},
  publisher={Elsevier}
}

@InProceedings{liu2022deep,
  title={{Deep Generalized Schr\"odinger Bridge}},
  author={Liu, Guan-Horng and Chen, Tianrong and So, Oswin and
	Theodorou, Evangelos A},
  booktitle=nips,
  year={2022}
}

@Article{Lopez2018scvi,
  title={{Deep generative modeling for single-cell
	transcriptomics}},
  author={Lopez, Romain and Regier, Jeffrey and Cole, Michael B and
	Jordan, Michael I and Yosef, Nir},
  journal={Nature methods},
  volume={15},
  number={12},
  year={2018},
  publisher={Nature Publishing Group}
}

@InProceedings{lorraine2020,
  title={{Optimizing Millions of Hyperparameters by Implicit
	Differentiation}},
  author={Lorraine, Jonathan and Vicol, Paul and Duvenaud, David},
  booktitle=aistats,
  year={2020}
}

@Article{lotfollahi2019scgen,
  title={{scGen predicts single-cell perturbation responses}},
  author={Lotfollahi, Mohammad and Wolf, F Alexander and Theis,
	Fabian J},
  journal={Nature Methods},
  volume={16},
  number={8},
  year={2019},
  publisher={Nature Publishing Group}
}

@Article{lotfollahi2020conditional,
  title={{Conditional out-of-distribution generation for unpaired
	data using transfer VAE}},
  author={Lotfollahi, Mohammad and Naghipourfar, Mohsen and Theis,
	Fabian J and Wolf, F Alexander},
  journal={Bioinformatics},
  volume={36},
  year={2020},
  publisher={Oxford University Press}
}

@Article{lotfollahi2021compositional,
  title={Compositional perturbation autoencoder for single-cell
	response modeling},
  author={Lotfollahi, Mohammad and Susmelj, Anna Klimovskaia and De
	Donno, Carlo and Ji, Yuge and Ibarra, Ignacio L and Wolf, F
	Alexander and Yakubova, Nafissa and Theis, Fabian J and
	Lopez-Paz, David},
  journal={bioRxiv},
  year={2021},
  publisher={Cold Spring Harbor Laboratory}
}

@Article{lubeck2022neural,
  title={{Neural Unbalanced Optimal Transport via Cycle-Consistent
	Semi-Couplings}},
  author={L{\"u}beck, Frederike and Bunne, Charlotte and Gut,
	Gabriele and del Castillo, Jacobo Sarabia and Pelkmans,
	Lucas and Alvarez-Melis, David},
  journal={arXiv preprint arXiv:2209.15621},
  year={2022}
}

@Article{luecken2019current,
  title={{Current best practices in single-cell RNA-seqanalysis: a
	tutorial}},
  author={Luecken, Malte D and Theis, Fabian J},
  journal={Molecular Systems Biology},
  volume={15},
  number={6},
  year={2019}
}

@Article{luo2020multiple,
  title={Multiple object tracking: A literature review},
  author={Luo, Wenhan and Xing, Junliang and Milan, Anton and Zhang,
	Xiaoqin and Liu, Wei and Kim, Tae-Kyun},
  journal={Artificial Intelligence},
  pages={103448},
  year={2020},
  publisher={Elsevier}
}

@InProceedings{mahabadi2021parameter,
  title={{Parameter-efficient Multi-task Fine-tuning for
	Transformers via Shared Hypernetworks}},
  author={Mahabadi, Rabeeh Karimi and Ruder, Sebastian and Dehghani,
	Mostafa and Henderson, James},
  booktitle=acl,
  year={2021}
}

@InProceedings{makkuva2020optimal,
  title={Optimal transport mapping via input convex neural
	networks},
  author={Makkuva, Ashok and Taghvaei, Amirhossein and Oh, Sewoong
	and Lee, Jason},
  booktitle=icml,
  year={2020},
  volume={37}
}

@Article{martin1975,
  title={{Differentiation of Clonal Lines of Teratocarcinoma Cells:
	Formation of Embryoid Bodies In Vitro}},
  author={Martin, Gail R and Evans, Martin J},
  journal={Proceedings of the National Academy of Sciences},
  volume={72},
  number={4},
  year={1975},
  publisher={National Academy of Sciences}
}

@Article{mathian2015targeting,
  title={Targeting interferons in systemic lupus erythematosus:
	current and future prospects},
  author={Mathian, Alexis and Hie, Miguel and Cohen-Aubart, Fleur
	and Amoura, Zahir},
  journal={Drugs},
  volume={75},
  number={8},
  year={2015},
  publisher={Springer}
}

@Article{mccann1997convexity,
  title={{A Convexity Principle for Interacting Gases}},
  author={McCann, Robert J},
  journal={Advances in Mathematics},
  volume={128},
  number={1},
  year={1997},
  publisher={Elsevier}
}

@Article{mead1992review,
  title={{Review of the Development of Multidimensional Scaling
	Methods}},
  author={Mead, Al},
  journal={Journal of the Royal Statistical Society: Series D (The
	Statistician)},
  volume={41},
  number={1},
  year={1992},
  publisher={Wiley Online Library}
}

@Article{memoli2011gromov,
  title={Gromov--Wasserstein distances and the metric approach to
	object matching},
  author={M{\'e}moli, Facundo},
  journal={Foundations of computational mathematics},
  volume={11},
  pages={417--487},
  year={2011},
  publisher={Springer}
}

@InProceedings{metz2016unrolled,
  title={{Unrolled Generative Adversarial Networks}},
  author={Metz, Luke and Poole, Ben and Pfau, David and
	Sohl-Dickstein, Jascha},
  booktitle=iclr,
  year={2017}
}

@Article{mikolov2013distributed,
  title={{Distributed Representations of Words and Phrases and
	their Compositionality}},
  author={Mikolov, Tomas and Sutskever, Ilya and Chen, Kai and
	Corrado, Greg S and Dean, Jeff},
  journal=nips,
  volume={26},
  year={2013}
}

@Article{mikolov2013efficient,
  title={{Efficient Estimation of Word Representations in Vector
	Space}},
  author={Mikolov, Tomas and Chen, Kai and Corrado, Greg and Dean,
	Jeffrey},
  journal=iclrws,
  year={2013}
}

@InProceedings{mikolov2013linguistic,
  title={{Linguistic Regularities in Continuous Space Word
	Representations}},
  author={Mikolov, Tom{\'a}{\v{s}} and Yih, Wen-tau and Zweig,
	Geoffrey},
  booktitle={Annual Conference of the North American Chapter of the
	Association for Computational Linguistics (NAACL-HLT)},
  year={2013}
}

@Article{mokhtari2017combination,
  title={Combination Therapy in Combating Cancer},
  author={Mokhtari, Reza Bayat and Homayouni, Tina S and Baluch,
	Narges and Morgatskaya, Evgeniya and Kumar, Sushil and Das,
	Bikul and Yeger, Herman},
  journal={Oncotarget},
  volume={8},
  number={23},
  pages={38022},
  year={2017}
}

@Article{mokrov2021large,
  title={{Large-Scale Wasserstein Gradient Flows}},
  author={Mokrov, Petr and Korotin, Alexander and Li, Lingxiao and
	Genevay, Aude and Solomon, Justin and Burnaev, Evgeny},
  journal=nips,
  year={2021}
}

@Article{Monge1781,
  author={Monge, Gaspard},
  journal={Histoire de l'Acad{\'e}mie Royale des Sciences},
  pages={666--704},
  title={M{\'e}moire sur la th{\'e}orie des d{\'e}blais et des
	remblais},
  year={1781}
}

@Article{moon2019,
  title={{Visualizing structure and transitions in high-dimensional
	biological data}},
  author={Moon, Kevin R and van Dijk, David and Wang, Zheng and
	Gigante, Scott and Burkhardt, Daniel B and Chen, William S
	and Yim, Kristina and van den Elzen, Antonia and Hirn,
	Matthew J and Coifman, Ronald R and others},
  journal={Nature Biotechnology},
  volume={37},
  number={12},
  year={2019},
  publisher={Nature Publishing Group}
}

@InProceedings{NIPS2016_2a27b814,
  author={Genevay, Aude and Cuturi, Marco and Peyr\'{e}, Gabriel and
	Bach, Francis},
  booktitle=nips,
  editor={D. Lee and M. Sugiyama and U. Luxburg and I. Guyon and R.
	Garnett},
  pages={},
  publisher={Curran Associates, Inc.},
  title={Stochastic Optimization for Large-scale Optimal
	Transport},
  volume={29},
  year={2016}
}

@Article{norman2019exploring,
  title={Exploring genetic interaction manifolds constructed from
	rich single-cell phenotypes},
  author={Norman, Thomas M and Horlbeck, Max A and Replogle, Joseph
	M and Ge, Alex Y and Xu, Albert and Jost, Marco and
	Gilbert, Luke A and Weissman, Jonathan S},
  journal={Science},
  volume={365},
  number={6455},
  year={2019}
}

@Article{panaretos2019statistical,
  title={Statistical aspects of Wasserstein distances},
  author={Panaretos, Victor M and Zemel, Yoav},
  journal={Annual review of statistics and its application},
  volume={6},
  pages={405--431},
  year={2019},
  publisher={Annual Reviews}
}

@InProceedings{pascanu2013difficulty,
  title={{On the difficulty of training Recurrent Neural
	Networks}},
  author={Pascanu, Razvan and Mikolov, Tomas and Bengio, Yoshua},
  booktitle=icml,
  volume={28},
  year={2013}
}

@InProceedings{paszke2019pytorch,
  title={{PyTorch: An Imperative Style, High-Performance Deep
	Learning Library}},
  author={Paszke, Adam and Gross, Sam and Massa, Francisco and
	Lerer, Adam and Bradbury, James and Chanan, Gregory and
	Killeen, Trevor and Lin, Zeming and Gimelshein, Natalia and
	Antiga, Luca and others},
  booktitle=nips,
  volume={32},
  year={2019}
}

@InProceedings{paty2020regularity,
  title={{Regularity as Regularization: Smooth and Strongly Convex
	Brenier Potentials in Optimal Transport}},
  author={Paty, Fran{\c{c}}ois-Pierre and d’Aspremont,
	Alexandre and Cuturi, Marco},
  booktitle=aistats,
  year={2020}
}

@Article{pedregosa2011scikit,
  title={{Scikit-learn: Machine Learning in {P}ython}},
  author={Pedregosa, F. and Varoquaux, G. and Gramfort, A. and
	Michel, V and Thirion, B. and Grisel, O. and Blondel, M.
	and Prettenhofer, P. and Weiss, R. and Dubourg, V. and
	Vanderplas, J. and Passos, A. and Cournapeau, D. and
	Brucher, M. and Perrot, M. and Duchesnay, E.},
  journal=jmlr,
  volume={12},
  year={2011}
}

@Article{peidli2022scperturb,
  title={{scPerturb: Information resource for harmonized
	single-cell perturbation data}},
  author={Peidli, Stefan and Green, Tessa Durakis and Shen, Ciyue
	and Gross, Torsten and Min, Joseph and Taylor-King, Jake
	and Marks, Debora and Luna, Augustin and Bluthgen, Nils and
	Sander, Chris},
  journal={bioRxiv},
  year={2022},
  publisher={Cold Spring Harbor Laboratory}
}

@Article{perez2021sustained,
  title={{Sustained high expression of multiple APOBEC3 cytidine
	deaminases in systemic lupus erythematosus}},
  author={Perez-Bercoff, Danielle and Laude, H{\'e}l{\`e}ne and
	Lemaire, Morgane and Hunewald, Oliver and Thiers, Valerie
	and Vignuzzi, Marco and Blanc, Herv{\'e} and Poli,
	Aur{\'e}lie and Amoura, Zahir and Caval, Vincent and others},
  journal={Scientific Reports},
  volume={11},
  number={1},
  year={2021},
  publisher={Nature Publishing Group}
}

@Article{petukhov2022case,
  title={{Case-control analysis of single-cell RNA-seq studies}},
  author={Petukhov, Viktor and Igolkina, Anna A and Rydbirk, Rasmus
	and Mei, Shenglin and Christoffersen, Lars and Khodosevich,
	Konstantin and Kharchenko, Peter},
  journal={bioRxiv},
  year={2022},
  publisher={Cold Spring Harbor Laboratory}
}

@Article{Peyre2019computational,
  title={{Computational Optimal Transport}},
  volume={11},
  issn={1935-8245},
  number={5-6},
  journal={Foundations and Trends in Machine Learning},
  publisher={Now Publishers},
  author={Peyr{\'e}, Gabriel and Cuturi, Marco},
  year={2019}
}

@Article{pooladian2021entropic,
  title={Entropic estimation of optimal transport maps},
  author={Pooladian, Aram-Alexandre and Niles-Weed, Jonathan},
  journal={arXiv preprint arXiv:2109.12004},
  year={2021}
}

@Article{pooladian2023minimax,
  title={{Minimax estimation of discontinuous optimal transport
	maps: The semi-discrete case}},
  author={Pooladian, Aram-Alexandre and Divol, Vincent and
	Niles-Weed, Jonathan},
  journal={arXiv preprint arXiv:2301.11302},
  year={2023}
}

@Article{prasad2020optimal,
  title={{Optimal Transport using GANs for Lineage Tracing}},
  author={Prasad, Neha and Yang, Karren and Uhler, Caroline},
  journal={arXiv preprint arXiv:2007.12098},
  year={2020}
}

@Article{raaijmakers2015new,
  title={A new live-cell biobank workflow efficiently recovers
	heterogeneous melanoma cells from native biopsies},
  author={Raaijmakers, Marieke IG and Widmer, Daniel S and Maudrich,
	Melanie and Koch, Tabea and Langer, Alice and Flace, Anna
	and Schnyder, Claudia and Dummer, Reinhard and Levesque,
	Mitchell P},
  journal={Experimental Dermatology},
  volume={24},
  number={5},
  year={2015},
  publisher={Wiley Online Library}
}

@Article{rambaldi2010pilot,
  title={{A pilot study of the Histone-Deacetylase inhibitor
	Givinostat in patients with JAK2V617F positive chronic
	myeloproliferative neoplasms}},
  author={Rambaldi, Alessandro and Dellacasa, Chiara Maria and
	Finazzi, Guido and Carobbio, Alessandra and Ferrari, Maria
	Luisa and Guglielmelli, Paola and Gattoni, Elisabetta and
	Salmoiraghi, Silvia and Finazzi, Maria Chiara and Di Tollo,
	Silvia and others},
  journal={British journal of haematology},
  volume={150},
  number={4},
  pages={446--455},
  year={2010},
  publisher={Wiley Online Library}
}

@Article{ramdas2017wasserstein,
  title={{On Wasserstein Two Sample Testing and Related Families of
	Nonparametric Tests}},
  author={Ramdas, Aaditya and Trillos, Nicol{\'a}s Garc{\'\i}a and
	Cuturi, Marco},
  journal={Entropy},
  volume={19},
  number={2},
  pages={47},
  year={2017},
  publisher={Multidisciplinary Digital Publishing Institute}
}

@Article{rani1996characterization,
  title={{Characterization of $\beta$-R1, a gene that is
	selectively induced by interferon $\beta$ (IFN-$\beta$)
	compared with IFN-$\alpha$}},
  author={Rani, MR Sandhya and Foster, Graham R and Leung, Stewart
	and Leaman, Douglas and Stark, George R and Ransohoff,
	Richard M},
  journal={Journal of Biological Chemistry},
  volume={271},
  number={37},
  year={1996},
  publisher={ASBMB}
}

@InProceedings{rezende2015variational,
  title={{Variational Inference with Normalizing Flows}},
  author={Rezende, Danilo and Mohamed, Shakir},
  booktitle=icml,
  year={2015}
}

@Article{richter2021input,
  title={{Input Convex Gradient Networks}},
  author={Richter-Powell, Jack and Lorraine, Jonathan and Amos,
	Brandon},
  journal={arXiv preprint arXiv:2111.12187},
  year={2021}
}

@Article{rigollet2022sample,
  title={On the sample complexity of entropic optimal transport},
  author={Rigollet, Philippe and Stromme, Austin J},
  journal={arXiv preprint arXiv:2206.13472},
  year={2022}
}

@Article{rogers2010extended,
  title={{Extended-Connectivity Fingerprints}},
  author={Rogers, David and Hahn, Mathew},
  journal={Journal of Chemical Information and Modeling},
  volume={50},
  number={5},
  year={2010},
  publisher={ACS Publications}
}

@Article{rong2020grover,
  title={{Self-Supervised Graph Transformer on Large-Scale
	Molecular Data}},
  author={Rong, Yu and Bian, Yatao and Xu, Tingyang and Xie, Weiyang
	and Wei, Ying and Huang, Wenbing and Huang, Junzhou},
  journal=nips,
  year={2020}
}

@Article{Rybakov2020-up,
  title={Learning interpretable latent autoencoder representations
	with annotations of feature sets},
  author={Rybakov, Sergei and Lotfollahi, Mohammad and Theis, Fabian
	J and Wolf, F Alexander},
  journal={bioRxiv},
  year={2020},
  publisher={Cold Spring Harbor Laboratory}
}

@Article{ryl2017cell,
  title={Cell-cycle position of single MYC-driven cancer cells
	dictates their susceptibility to a chemotherapeutic drug},
  author={Ryl, Tatsiana and Kuchen, Erika E and Bell, Emma and Shao,
	Chunxuan and Fl{\'o}rez, Andr{\'e}s F and M{\"o}nke, Gregor
	and Gogolin, Sina and Friedrich, Mona and Lamprecht,
	Florian and Westermann, Frank and others},
  journal={Cell Systems},
  volume={5},
  number={3},
  pages={237--250},
  year={2017},
  publisher={Elsevier}
}

@InProceedings{salim2020,
  title={{The Wasserstein Proximal Gradient Algorithm}},
  author={Salim, Adil and Korba, Anna and Luise, Giulia},
  booktitle=nips,
  volume={33},
  year={2020}
}

@InProceedings{salimans2018improving,
  title={{Improving GANs Using Optimal Transport}},
  author={Tim Salimans and Han Zhang and Alec Radford and Dimitris
	Metaxas},
  booktitle=iclr,
  year={2018}
}

@Article{santambrogio2015optimal,
  title={{Optimal Transport for Applied Mathematicians}},
  author={Santambrogio, Filippo},
  journal={Birkh{\"a}user, NY},
  volume={55},
  number={58-63},
  pages={94},
  year={2015},
  publisher={Springer}
}

@Article{santambrogio2017euclidean,
  title={$\{$Euclidean, metric, and {Wasserstein}$\}$ gradient
	flows: an overview},
  author={Santambrogio, Filippo},
  journal={Bulletin of Mathematical Sciences},
  volume={7},
  number={1},
  year={2017},
  publisher={Springer}
}

@InProceedings{sarlin2020superglue,
  title={{SuperGlue: Learning Feature Matching with Graph Neural
	Networks}},
  author={Sarlin, Paul-Edouard and DeTone, Daniel and Malisiewicz,
	Tomasz and Rabinovich, Andrew},
  booktitle=cvpr,
  year={2020}
}

@InProceedings{scaman2018lipschitz,
  title={Lipschitz regularity of deep neural networks: analysis and
	efficient estimation},
  author={Scaman, Kevin and Virmaux, Aladin},
  booktitle=nips,
  year={2018}
}

@InProceedings{scetbon2021low,
  title={{Low-Rank Sinkhorn Factorization}},
  author={Scetbon, Meyer and Cuturi, Marco and Peyr{\'e}, Gabriel},
  booktitle=icml,
  year={2021}
}

@InProceedings{scetbon2022low,
  title={{Low-rank Optimal Transport: Approximation, Statistics and
	Debiasing}},
  author={Scetbon, Meyer and Cuturi, Marco},
  booktitle=nips,
  year={2022}
}

@Article{schiebinger2019,
  title={{Optimal-Transport Analysis of Single-Cell Gene Expression
	Identifies Developmental Trajectories in Reprogramming}},
  author={Schiebinger, Geoffrey and Shu, Jian and Tabaka, Marcin and
	Cleary, Brian and Subramanian, Vidya and Solomon, Aryeh and
	Gould, Joshua and Liu, Siyan and Lin, Stacie and Berube,
	Peter and others},
  journal={Cell},
  volume={176},
  number={4},
  year={2019},
  publisher={Elsevier}
}

@Article{schiebinger2019optimal,
  title={{Optimal-Transport Analysis of Single-Cell Gene Expression
	Identifies Developmental Trajectories in Reprogramming}},
  author={Schiebinger, Geoffrey and Shu, Jian and Tabaka, Marcin and
	Cleary, Brian and Subramanian, Vidya and Solomon, Aryeh and
	Gould, Joshua and Liu, Siyan and Lin, Stacie and Berube,
	Peter and others},
  journal={Cell},
  volume={176},
  number={4},
  year={2019},
  publisher={Elsevier}
}

@Article{schmitz2018wasserstein,
  title={Wasserstein dictionary learning: Optimal transport-based
	unsupervised nonlinear dictionary learning},
  author={Schmitz, Morgan A and Heitz, Matthieu and Bonneel, Nicolas
	and Ngole, Fred and Coeurjolly, David and Cuturi, Marco and
	Peyr{\'e}, Gabriel and Starck, Jean-Luc},
  journal={SIAM Journal on Imaging Sciences},
  volume={11},
  number={1},
  pages={643--678},
  year={2018},
  publisher={SIAM}
}

@Book{	schrodinger1931umkehrung,
  title={{\"Uber die Umkehrung der Naturgesetze}},
  author={Schr{\"o}dinger, Erwin},
  year={1931},
  publisher={Verlag der Akademie der Wissenschaften in Kommission bei
	Walter De Gruyter u. Company}
}

@InProceedings{schrodinger1932theorie,
  title={Sur la th{\'e}orie relativiste de l'{\'e}lectron et
	l'interpr{\'e}tation de la m{\'e}canique quantique},
  author={Schr{\"o}dinger, Erwin},
  booktitle={Annales de l'institut Henri Poincar{\'e}},
  volume={2},
  year={1932}
}

@Article{schwaller2022machine,
  title={Machine intelligence for chemical reaction space},
  author={Schwaller, Philippe and Vaucher, Alain C and Laplaza,
	Ruben and Bunne, Charlotte and Krause, Andreas and
	Corminboeuf, Clemence and Laino, Teodoro},
  journal={Wiley Interdisciplinary Reviews: Computational Molecular
	Science},
  pages={e1604},
  year={2022},
  publisher={Wiley Online Library}
}

@Article{scikit-learn,
  title={{Scikit-learn: Machine Learning in {P}ython}},
  author={Pedregosa, F. and Varoquaux, G. and Gramfort, A. and
	Michel, V. and Thirion, B. and Grisel, O. and Blondel, M.
	and Prettenhofer, P. and Weiss, R. and Dubourg, V. and
	Vanderplas, J. and Passos, A. and Cournapeau, D. and
	Brucher, M. and Perrot, M. and Duchesnay, E.},
  journal=jmlr,
  volume={12},
  year={2011}
}

@Article{semidual,
  author={Cuturi, Marco and Peyré, Gabriel},
  title={{Semidual Regularized Optimal Transport}},
  journal={SIAM Review},
  volume={60},
  number={4},
  pages={941-965},
  year={2018}
}

@Article{shaffer2017rare,
  title={Rare cell variability and drug-induced reprogramming as a
	mode of cancer drug resistance},
  author={Shaffer, Sydney M and Dunagin, Margaret C and Torborg,
	Stefan R and Torre, Eduardo A and Emert, Benjamin and
	Krepler, Clemens and Beqiri, Marilda and Sproesser, Katrin
	and Brafford, Patricia A and Xiao, Min and others},
  journal={Nature},
  volume={546},
  number={7658},
  pages={431--435},
  year={2017},
  publisher={Nature Publishing Group}
}

@InCollection{shamblott2009derivation,
  title={{Derivation and Differentiation of Human Embryonic Germ
	Cells}},
  author={Shamblott, Michael J and Kerr, Candace L and Axelman,
	Joyce and Littlefield, John W and Clark, Gregory O and
	Patterson, Ethan S and Addis, Russell C and Kraszewski,
	Jennifer N and Kent, Kathleen C and Gearhart, John D},
  booktitle={Essentials of Stem Cell Biology},
  year={2009},
  publisher={Elsevier}
}

@InProceedings{sheldon2007collective,
  title={{Collective Inference on Markov Models for Modeling Bird
	Migration}},
  author={Sheldon, Daniel and Elmohamed, MA and Kozen, Dexter},
  year={2007},
  volume=20,
  booktitle=nips
}

@InProceedings{sheldon2011collective,
  title={{Collective Graphical Models}},
  author={Daniel R. Sheldon and Thomas G. Dietterich},
  booktitle=nips,
  year={2011}
}

@Article{shi2023diffusion,
  title={{Diffusion Schr\"odinger Bridge Matching}},
  author={Shi, Yuyang and De Bortoli, Valentin and Campbell, Andrew
	and Doucet, Arnaud},
  journal={arXiv preprint arXiv:2303.16852},
  year={2023}
}

@Article{sigrist2015stochastic,
  title={Stochastic partial differential equation based modelling
	of large space--time data sets},
  author={Sigrist, Fabio and K{\"u}nsch, Hans R and Stahel, Werner
	A},
  journal={Journal of the Royal Statistical Society: Series B:
	Statistical Methodology},
  pages={3--33},
  year={2015},
  publisher={JSTOR}
}

@Article{singh2020model,
  title={{Model Fusion via Optimal Transport}},
  author={Singh, Sidak Pal and Jaggi, Martin},
  journal=nips,
  volume={33},
  year={2020}
}

@Article{skinnider2021cell,
  title={Cell type prioritization in single-cell data},
  author={Skinnider, Michael A and Squair, Jordan W and Kathe,
	Claudia and Anderson, Mark A and Gautier, Matthieu and
	Matson, Kaya JE and Milano, Marco and Hutson, Thomas H and
	Barraud, Quentin and Phillips, Aaron A and others},
  journal={Nature Biotechnology},
  volume={39},
  number={1},
  year={2021},
  publisher={Nature Publishing Group}
}

@Article{smith2016inhibiting,
  title={Inhibiting drivers of non-mutational drug tolerance is a
	salvage strategy for targeted melanoma therapy},
  author={Smith, Michael P and Brunton, Holly and Rowling, Emily J
	and Ferguson, Jennifer and Arozarena, Imanol and Miskolczi,
	Zsofia and Lee, Jessica L and Girotti, Maria R and Marais,
	Richard and Levesque, Mitchell P and others},
  journal={Cancer Cell},
  volume={29},
  number={3},
  year={2016},
  publisher={Elsevier}
}

@Article{snijder2009population,
  title={Population context determines cell-to-cell variability in
	endocytosis and virus infection},
  author={Snijder, Berend and Sacher, Raphael and R{\"a}m{\"o},
	Pauli and Damm, Eva-Maria and Liberali, Prisca and
	Pelkmans, Lucas},
  journal={Nature},
  volume={461},
  number={7263},
  pages={520--523},
  year={2009},
  publisher={Nature Publishing Group}
}

@Article{snijder2012single,
  title={{Single-cell analysis of population context advances RNAi
	screening at multiple levels}},
  author={Snijder, Berend and Sacher, Raphael and R{\"a}m{\"o},
	Pauli and Liberali, Prisca and Mench, Karin and Wolfrum,
	Nina and Burleigh, Laura and Scott, Cameron C and Verheije,
	Monique H and Mercer, Jason and others},
  journal={Molecular Systems Biology},
  volume={8},
  number={1},
  pages={579},
  year={2012},
  publisher={John Wiley \& Sons, Ltd Chichester, UK}
}

@Article{solomon2016entropic,
  title={Entropic metric alignment for correspondence problems},
  author={Solomon, Justin and Peyr{\'e}, Gabriel and Kim, Vladimir G
	and Sra, Suvrit},
  journal={ACM Transactions on Graphics (ToG)},
  volume={35},
  number={4},
  pages={1--13},
  year={2016},
  publisher={ACM New York, NY, USA}
}

@InProceedings{somnath2023aligned,
  title={{Aligned Diffusion Schr\"odinger Bridges}},
  author={Somnath, Vignesh Ram and Pariset, Matteo and Hsieh,
	Ya-Ping and Martinez, Maria Rodriguez and Krause, Andreas
	and Bunne, Charlotte},
  booktitle=uai,
  year={2023}
}

@InProceedings{song2020improved,
  title={{Improved Techniques for Training Score-Based Generative
	Models}},
  author={Song, Yang and Ermon, Stefano},
  booktitle=nips,
  volume={33},
  year={2020}
}

@InProceedings{song2020score,
  title={{Score-Based Generative Modeling through Stochastic
	Differential Equations}},
  author={Song, Yang and Sohl-Dickstein, Jascha and Kingma, Diederik
	P and Kumar, Abhishek and Ermon, Stefano and Poole, Ben},
  booktitle=iclr,
  year={2021}
}

@Article{srivatsan2020massively,
  title={Massively multiplex chemical transcriptomics at
	single-cell resolution},
  author={Srivatsan, Sanjay R and McFaline-Figueroa, Jose L and
	Ramani, Vijay and Saunders, Lauren and Cao, Junyue and
	Packer, Jonathan and Pliner, Hannah A and Jackson, Dana L
	and Daza, Riza M and Christiansen, Lena and others},
  journal={Science},
  volume={367},
  number={6473},
  year={2020}
}

@Article{stark2020scim,
  title={SCIM: universal single-cell matching with unpaired feature
	sets},
  author={Stark, Stefan G and Ficek, Joanna and Locatello, Francesco
	and Bonilla, Ximena and Chevrier, St{\'e}phane and Singer,
	Franziska and R{\"a}tsch, Gunnar and Lehmann, Kjong-Van},
  journal={Bioinformatics},
  volume={36},
  year={2020},
  publisher={Oxford University Press}
}

@Article{stathias2018drug,
  title={Drug and disease signature integration identifies
	synergistic combinations in glioblastoma},
  author={Stathias, Vasileios and Jermakowicz, Anna M and Maloof,
	Marie E and Forlin, Michele and Walters, Winston and Suter,
	Robert K and Durante, Michael A and Williams, Sion L and
	Harbour, J William and Volmar, Claude-Henry and others},
  journal={Nature Communications},
  volume={9},
  number={1},
  year={2018},
  publisher={Nature Publishing Group}
}

@Article{stoeger2015computer,
  title={Computer vision for image-based transcriptomics},
  author={Stoeger, Thomas and Battich, Nico and Herrmann, Markus D
	and Yakimovich, Yauhen and Pelkmans, Lucas},
  journal={Methods},
  volume={85},
  pages={44--53},
  year={2015},
  publisher={Elsevier}
}

@Article{taghvaei20192,
  title={{2-Wasserstein Approximation via Restricted Convex
	Potentials with Application to Improved Training for
	GANs}},
  author={Taghvaei, Amirhossein and Jalali, Amin},
  journal={arXiv Preprint arXiv:1902.07197},
  year={2019}
}

@Article{takahashi2006,
  title={{Induction of Pluripotent Stem Cells from Mouse Embryonic
	and Adult Fibroblast Cultures by Defined Factors}},
  author={Takahashi, Kazutoshi and Yamanaka, Shinya},
  journal={Cell},
  volume={126},
  number={4},
  year={2006},
  publisher={Elsevier}
}

@Article{takahashi2016,
  title={A decade of transcription factor-mediated reprogramming to
	pluripotency},
  author={Takahashi, Kazutoshi and Yamanaka, Shinya},
  journal={Nature Reviews Molecular Cell Biology},
  volume={17},
  number={3},
  pages={183},
  year={2016},
  publisher={Nature Publishing Group}
}

@Article{takatsu2011wasserstein,
  title={{Wasserstein geometry of Gaussian measures}},
  author={Takatsu, Asuka},
  journal={Osaka Journal of Mathematics},
  volume={48},
  number={4},
  year={2011}
}

@InProceedings{tennenholtz2019natural,
  title={{The Natural Language of Actions}},
  author={Tennenholtz, Guy and Mannor, Shie},
  booktitle=icml,
  year={2019}
}

@Article{thornton2022riemannian,
  title={{Riemannian Diffusion Schr\"odinger Bridge}},
  author={Thornton, James and Hutchinson, Michael and Mathieu, Emile
	and De Bortoli, Valentin and Teh, Yee Whye and Doucet,
	Arnaud},
  journal={arXiv preprint arXiv:2207.03024},
  year={2022}
}

@InProceedings{tong2020trajectorynet,
  title={{TrajectoryNet: A Dynamic Optimal Transport Network for
	Modeling Cellular Dynamics}},
  author={Tong, Alexander and Huang, Jessie and Wolf, Guy and Van
	Dijk, David and Krishnaswamy, Smita},
  booktitle=icml,
  year={2020}
}

@Article{tong2023conditional,
  title={{Conditional Flow Matching: Simulation-Free Dynamic
	Optimal Transport}},
  author={Tong, Alexander and Malkin, Nikolay and Huguet, Guillaume
	and Zhang, Yanlei and Rector-Brooks, Jarrid and Fatras,
	Kilian and Wolf, Guy and Bengio, Yoshua},
  journal={arXiv preprint arXiv:2302.00482},
  year={2023}
}

@Article{traag2019louvain,
  title={{From Louvain to Leiden: guaranteeing well-connected
	communities}},
  author={Traag, Vincent A and Waltman, Ludo and Van Eck, Nees Jan},
  journal={Scientific Reports},
  volume={9},
  number={1},
  year={2019},
  publisher={Nature Publishing Group}
}

@Article{tritschler2019concepts,
  title={Concepts and limitations for learning developmental
	trajectories from single cell genomics},
  author={Tritschler, Sophie and B{\"u}ttner, Maren and Fischer,
	David S and Lange, Marius and Bergen, Volker and Lickert,
	Heiko and Theis, Fabian J},
  journal={Development},
  volume={146},
  number={12},
  year={2019},
  publisher={The Company of Biologists Ltd}
}

@Article{turke2012mek,
  title={{MEK inhibition leads to PI3K/AKT activation by relieving
	a negative feedback on ERBB receptors}},
  author={Turke, Alexa B and Song, Youngchul and Costa, Carlotta and
	Cook, Rebecca and Arteaga, Carlos L and Asara, John M and
	Engelman, Jeffrey A},
  journal={Cancer Research},
  volume={72},
  number={13},
  year={2012},
  publisher={AACR}
}

@Article{umap,
  title={{UMAP: Uniform Manifold Approximation and Projection for
	Dimension Reduction}},
  author={McInnes, Leland and Healy, John and Melville, James},
  journal=arxiv,
  year={2018}
}

@Article{uscidda2023monge,
  title={{The Monge Gap: A Regularizer to Learn All Transport
	Maps}},
  author={Uscidda, Th{\'e}o and Cuturi, Marco},
  journal={arXiv preprint arXiv:2302.04953},
  year={2023}
}

@Article{van2014scikit,
  title={{scikit-image: image processing in Python}},
  author={Van der Walt, Stefan and Sch{\"o}nberger, Johannes L and
	Nunez-Iglesias, Juan and Boulogne, Fran{\c{c}}ois and
	Warner, Joshua D and Yager, Neil and Gouillart, Emmanuelle
	and Yu, Tony},
  journal={PeerJ},
  volume={2},
  pages={e453},
  year={2014},
  publisher={PeerJ Inc.}
}

@Article{vargas2021solving,
  title={{Solving {S}chr\"odinger Bridges via Maximum Likelihood}},
  author={Vargas, Francisco and Thodoroff, Pierre and Lawrence, Neil
	D and Lamacraft, Austen},
  journal={Entropy},
  volume={23},
  number={9},
  year={2021}
}

@InProceedings{vaswani2017attention,
  title={{Attention is All you Need}},
  author={Vaswani, Ashish and Shazeer, Noam and Parmar, Niki and
	Uszkoreit, Jakob and Jones, Llion and Gomez, Aidan N and
	Kaiser, {\L}ukasz and Polosukhin, Illia},
  booktitle=nips,
  year={2017}
}

@Book{	villani2009optimal,
  title={Optimal transport: old and new},
  author={Villani, C{\'e}dric},
  volume={338},
  year={2009},
  publisher={Springer}
}

@Book{	villani2021topics,
  title={{Topics in Optimal Transportation}},
  author={Villani, C{\'e}dric},
  volume={58},
  year={2003},
  publisher={American Mathematical Soc.}
}

@Article{watson2022broadly,
  title={Broadly applicable and accurate protein design by
	integrating structure prediction networks and diffusion
	generative models},
  author={Watson, Joseph L and Juergens, David and Bennett,
	Nathaniel R and Trippe, Brian L and Yim, Jason and
	Eisenach, Helen E and Ahern, Woody and Borst, Andrew J and
	Ragotte, Robert J and Milles, Lukas F and others},
  journal={bioRxiv},
  year={2022}
}

@Article{weinreb2018fundamental,
  title={Fundamental limits on dynamic inference from single-cell
	snapshots},
  author={Weinreb, Caleb and Wolock, Samuel and Tusi, Betsabeh K and
	Socolovsky, Merav and Klein, Allon M},
  journal={Proceedings of the National Academy of Sciences},
  volume={115},
  number={10},
  year={2018},
  publisher={National Acad Sciences}
}

@Article{weinreb2020lineage,
  title={Lineage tracing on transcriptional landscapes links state
	to fate during differentiation},
  author={Weinreb, Caleb and Rodriguez-Fraticelli, Alejo and
	Camargo, Fernando D and Klein, Allon M},
  journal={Science},
  volume={367},
  number={6479},
  year={2020}
}

@Article{wilkinson2009stochastic,
  title={Stochastic modelling for quantitative description of
	heterogeneous biological systems},
  author={Wilkinson, Darren J},
  journal={Nature Reviews Genetics},
  volume={10},
  number={2},
  year={2009},
  publisher={Nature Publishing Group}
}

@Article{williams1989learning,
  title={{A Learning Algorithm for Continually Running Fully
	Recurrent Neural Networks}},
  author={Williams, Ronald J and Zipser, David},
  journal={Neural Computation},
  volume={1},
  number={2},
  year={1989},
  publisher={MIT Press}
}

@Article{wolf2018scanpy,
  title={{SCANPY: large-scale single-cell gene expression data
	analysis}},
  author={Wolf, F Alexander and Angerer, Philipp and Theis, Fabian
	J},
  journal={Genome biology},
  volume={19},
  number={1},
  year={2018},
  publisher={Springer}
}

@Article{wu2021single,
  title={Single-cell profiling of tumor heterogeneity and the
	microenvironment in advanced non-small cell lung cancer},
  author={Wu, Fengying and Fan, Jue and He, Yayi and Xiong, Anwen
	and Yu, Jia and Li, Yixin and Zhang, Yan and Zhao, Wencheng
	and Zhou, Fei and Li, Wei and others},
  journal={Nature Communications},
  volume={12},
  number={1},
  year={2021},
  publisher={Nature Publishing Group}
}

@Article{yang2018scalable,
  title={{Scalable Unbalanced Optimal Transport using Generative
	Adversarial Networks}},
  author={Yang, Karren D and Uhler, Caroline},
  journal=iclr,
  year={2019}
}

@Article{yang2020predicting,
  title={Predicting cell lineages using autoencoders and optimal
	transport},
  author={Yang, Karren Dai and Damodaran, Karthik and
	Venkatachalapathy, Saradha and Soylemezoglu, Ali C and
	Shivashankar, GV and Uhler, Caroline},
  journal={PLoS Computational Biology},
  volume={16},
  number={4},
  year={2020}
}

@Article{yuan2021cellbox,
  title={{CellBox: Interpretable Machine Learning forPerturbation
	Biology with Application to the Designof Cancer Combination
	Therapy}},
  author={Yuan, Bo and Shen, Ciyue and Luna, Augustin and Korkut,
	Anil and Marks, Debora S and Ingraham, John and Sander,
	Chris},
  journal={Cell Systems},
  volume={12},
  number={2},
  year={2021},
  publisher={Elsevier}
}

@InProceedings{zaheer2017,
  author={Zaheer, Manzil and Kottur, Satwik and Ravanbakhsh, Siamak
	and Poczos, Barnabas and Salakhutdinov, Russ R and Smola,
	Alexander J},
  booktitle=nips,
  title={{Deep Sets}},
  volume={30},
  year={2017}
}

@Article{zhang2021optimal,
  title={Optimal transport analysis reveals trajectories in
	steady-state systems},
  author={Zhang, Stephen and Afanassiev, Anton and Greenstreet,
	Laura and Matsumoto, Tetsuya and Schiebinger, Geoffrey},
  journal={PLoS Computational Biology},
  volume={17},
  number={12},
  year={2021}
}

@Article{zhao2021deconvolution,
  title={{Deconvolution of cell type-specific drug responses in
	human tumor tissue with single-cell RNA-seq}},
  author={Zhao, Wenting and Dovas, Athanassios and Spinazzi,
	Eleonora Francesca and Levitin, Hanna Mendes and Banu,
	Matei Alexandru and Upadhyayula, Pavan and Sudhakar,
	Tejaswi and Marie, Tamara and Otten, Marc L and Sisti,
	Michael B and others},
  journal={Genome Medicine},
  volume={13},
  number={1},
  year={2021},
  publisher={Springer}
}

@Article{zheng2017massively,
  title={Massively parallel digital transcriptional profiling of
	single cells},
  author={Zheng, Grace XY and Terry, Jessica M and Belgrader,
	Phillip and Ryvkin, Paul and Bent, Zachary W and Wilson,
	Ryan and Ziraldo, Solongo B and Wheeler, Tobias D and
	McDermott, Geoff P and Zhu, Junjie and others},
  journal={Nature communications},
  volume={8},
  number={1},
  year={2017},
  publisher={Nature Publishing Group}
}
